<?xml version="1.0" encoding="UTF-8"?><collection xmlns="http://www.loc.gov/MARC21/slim"><record><leader>00541nam--2200181-i-4500</leader><controlfield tag="001">000026816</controlfield><controlfield tag="002">20161230</controlfield><controlfield tag="005">20161230201036</controlfield><controlfield tag="008">060222s1000------------r-----000-0-eng-d</controlfield><datafield ind1=" " ind2=" " tag="040"><subfield code="a">IFIN-HH</subfield></datafield><datafield ind1=" " ind2=" " tag="080"><subfield code="a">537.531</subfield></datafield><datafield ind1="1" ind2=" " tag="100"><subfield code="a">Klug, Harold P</subfield></datafield><datafield ind1="1" ind2="0" tag="245"><subfield code="a">X-ray diffraction procedures</subfield><subfield code="b">For polycrystalline and amorphous materials</subfield><subfield code="c">Harold p. klug, leroy e. alexander</subfield></datafield><datafield ind1=" " ind2=" " tag="260"><subfield code="a">New York</subfield><subfield code="b">John Wiley &amp; Sons, Inc</subfield><subfield code="c">1954</subfield></datafield><datafield ind1=" " ind2=" " tag="300"><subfield code="a">XIII + 716P</subfield></datafield><datafield ind1="1" ind2=" " tag="700"><subfield code="a">Alexander, Leroy E</subfield></datafield><datafield ind1=" " ind2=" " tag="852"><subfield code="a">10842</subfield><subfield code="c">537.531</subfield></datafield><datafield ind1=" " ind2=" " tag="CAT"><subfield code="a">Sys</subfield><subfield code="c">20110808</subfield><subfield code="h">120000</subfield></datafield></record></collection>